%!TEX root = main.tex
% This file was created with JabRef 2.10.
% Encoding: Cp1252


@Unpublished{mlsurvey,
  Title                    = {A survey of machine learning},
  Author                   = {Carl Burch},
  Note                     = {A survey for the Pennsylvania Governor's School for the Sciences},
  Year                     = {2001},

  Owner                    = {William},
  Timestamp                = {2014.08.31}
}

@Article{univapprox,
  Title                    = {Approximation by Superpositions of a Sigmoidal Function},
  Author                   = {G. Cybenko},
  Journal                  = {Mathematics of Control, Signals, and Systems},
  Year                     = {1989},
  Pages                    = {303-3314},
  Volume                   = {2},

  Owner                    = {William},
  Timestamp                = {2014.08.31}
}

@Article{griffith,
  Title                    = {Mathematical Neurobiology - An Introduction to the Mathematics of the Nervous System},
  Author                   = {Griffith, John Stanley},
  Journal                  = {Academic Press},
  Year                     = {1971}
}

@InCollection{visualcortex,
  Title                    = {The Organization of Visual Cortex in Primates: Problems, Conclusions, and the Use of Comparative Studies in Understanding the Human Brain},
  Author                   = {Jon H. Kaas},
  Booktitle                = {Functional Organisation of the Human Visual Cortex},
  Publisher                = {Pergamon Press},
  Year                     = {1993},
  Chapter                  = {1},
  Editor                   = {Balaz Gulyas, David Ottoson, and Per E. Roland},
  Series                   = {Wenner-Gren International Series},
  Volume                   = {61},

  Owner                    = {William},
  Timestamp                = {2014.08.31}
}

@InCollection{bioneuron,
  Title                    = {Introduction},
  Author                   = {P.G.J. Lisboa},
  Booktitle                = {Neural Networks: Current Applications},
  Publisher                = {Chapman \& Hall},
  Year                     = {1992},
  Chapter                  = {1},
  Editor                   = {P.G.J. Lisboa},

  Keywords                 = {biological neuron, artificial neuron},
  Owner                    = {William},
  Timestamp                = {2014.08.31}
}

@Article{mcculloch,
  Title                    = {A logical calculus of the ideas immanent in nervous activity},
  Author                   = {McCulloch, Warren S and Pitts, Walter},
  Journal                  = {The bulletin of mathematical biophysics},
  Year                     = {1943},
  Number                   = {4},
  Pages                    = {115--133},
  Volume                   = {5},

  Publisher                = {Springer}
}

@Article{rumelhart1988learning,
  Title                    = {Learning representations by back-propagating errors},
  Author                   = {Rumelhart, David E and Hinton, Geoffrey E and Williams, Ronald J},
  Journal                  = {Nature: Cognitive modeling},
  Year                     = {1988},

  Month                    = {October},
  Pages                    = {533-536},
  Volume                   = {323}
}

@MastersThesis{neuralimage,
  Title                    = {The use of Self-Organizing Maps in Recommender Systems: A survey of the Recommender Systems field and a presentation of a State of the Art Highly Interactive Visual Movie Recommender System},
  Author                   = {Sam Gabrielsson, Stefan Gabrielsson},
  School                   = {Uppsala University Devision of Computer Systems},
  Year                     = {2006},
  Month                    = {August},

  Owner                    = {William},
  Timestamp                = {2014.08.31}
}


@article{revisited,
jstor_articletype = {research-article},
title = {The Riesz Representation Theorem Revisited},
author = {Hartig, Donald G.},
journal = {The American Mathematical Monthly},
jstor_issuetitle = {},
volume = {90},
number = {4},
jstor_formatteddate = {Apr., 1983},
pages = {pp. 277-280},
url = {http://www.jstor.org/stable/2975760},
ISSN = {00029890},
abstract = {},
language = {English},
year = {1983},
publisher = {Mathematical Association of America},
copyright = {Copyright Â© 1983 Mathematical Association of America},
}